<?xml version="1.0" encoding="UTF-8"?><record xmlns="http://www.loc.gov/MARC21/slim" xmlns:cinclude="http://apache.org/cocoon/include/1.0" xmlns:zs="http://www.loc.gov/zing/srw/">
  <leader>00463nz  a2200121n  4500</leader>
  <controlfield tag="001">n 2001041704</controlfield>
  <controlfield tag="003">DLC</controlfield>
  <controlfield tag="005">20010808142600.0</controlfield>
  <controlfield tag="008">010808n| acannaabn          |n aaa      </controlfield>
  <datafield tag="010" ind1=" " ind2=" ">
    <subfield code="a">n 2001041704</subfield>
  </datafield>
  <datafield tag="040" ind1=" " ind2=" ">
    <subfield code="a">DLC</subfield>
    <subfield code="b">eng</subfield>
    <subfield code="c">DLC</subfield>
  </datafield>
  <datafield tag="100" ind1="1" ind2=" ">
    <subfield code="a">Hesʹ, M. Z.</subfield>
  </datafield>
  <datafield tag="670" ind1=" " ind2=" ">
    <subfield code="a">Tavarystva belaruskaĭ movy imi︠a︡ Frantsishka Skaryny. Ustanoŭchy z'zed (1989 : Minsk, Belarus). Ustanoŭchy z'ezd Tavarystva belaruskaĭ movy imi︠a︡ Frantsishka Skaryny, 1992:</subfield>
    <subfield code="b">t.p. (M.Z. Hesʹ)</subfield>
  </datafield>
</record>